@article{dib2018emergence,
  title={The emergence of the galactic stellar mass function from a non-universal IMF in clusters},
  author={Dib, Sami and Basu, Shantanu},
  journal={Astronomy \& Astrophysics},
  volume={614},
  pages={A43},
  year={2018},
  publisher={EDP Sciences}
}

@article{chabrier2005initial,
  title={The initial mass function: from Salpeter 1955 to 2005},
  author={Chabrier, Gilles},
  journal={The Initial Mass Function 50 Years Later},
  pages={41--50},
  year={2005},
  publisher={Springer}
}

@article{moe2017mind,
  title={Mind your Ps and Qs: the interrelation between period (P) and mass-ratio (Q) distributions of binary stars},
  author={Moe, Maxwell and Di Stefano, Rosanne},
  journal={The Astrophysical Journal Supplement Series},
  volume={230},
  number={2},
  pages={15},
  year={2017},
  publisher={IOP Publishing}
}

@inproceedings{bally2005evolution,
  title={Evolution of UV-irradiated protoplanetary disks},
  author={Bally, John and Moeckel, Nickolas and Throop, Henry},
  booktitle={Chondrites and the protoplanetary disk},
  volume={341},
  pages={81},
  year={2005}
}

@article{kennicutt2005role,
  title={The role of massive stars in astrophysics},
  author={Kennicutt, Robert C},
  journal={Proceedings of the International Astronomical Union},
  volume={1},
  number={S227},
  pages={3--11},
  year={2005},
  publisher={Cambridge University Press}
}

@article{zinnecker2007toward,
  title={Toward understanding massive star formation},
  author={Zinnecker, Hans and Yorke, Harold W},
  journal={Annu. Rev. Astron. Astrophys.},
  volume={45},
  pages={481--563},
  year={2007},
  publisher={Annual Reviews}
}

@article{sana2012binary,
  title={Binary interaction dominates the evolution of massive stars},
  author={Sana, Hugues and De Mink, SE and de Koter, Alex and Langer, N and Evans, CJ and Gieles, M and Gosset, Eric and Izzard, RG and Le Bouquin, J-B and Schneider, FRN},
  journal={Science},
  volume={337},
  number={6093},
  pages={444--446},
  year={2012},
  publisher={American Association for the Advancement of Science}
}

@article{toonen2016evolution,
  title={The evolution of hierarchical triple star-systems},
  author={Toonen, Silvia and Hamers, Adrian and Portegies Zwart, Simon},
  journal={Computational Astrophysics and Cosmology},
  volume={3},
  number={1},
  pages={1--36},
  year={2016},
  publisher={Springer}
}

@article{winn2009spin,
  title={On the spin--orbit misalignment of the XO-3 exoplanetary system},
  author={Winn, Joshua N and Johnson, John Asher and Fabrycky, Daniel and Howard, Andrew W and Marcy, Geoffrey W and Narita, Norio and Crossfield, Ian J and Suto, Yasushi and Turner, Edwin L and Esquerdo, Gil and others},
  journal={The Astrophysical Journal},
  volume={700},
  number={1},
  pages={302},
  year={2009},
  publisher={IOP Publishing}
}

@article{portegies2018astrophysical,
  title={Astrophysical Recipes; The art of AMUSE},
  author={Portegies Zwart, Simon and McMillan, Steve},
  journal={Astrophysical Recipes; The art of AMUSE},
  year={2018}
}

@article{eisner2022planet,
  title={Planet Hunters TESS IV: a massive, compact hierarchical triple star system TIC 470710327},
  author={Eisner, Nora L and Johnston, Cole and Toonen, Silvia and Frost, Abigail J and Janssens, Soetkin and Lintott, Chris J and Aigrain, Suzanne and Sana, Hugues and Abdul-Masih, Michael and Arellano-C{\'o}rdova, Karla Z and others},
  journal={Monthly Notices of the Royal Astronomical Society},
  volume={511},
  number={4},
  pages={4710--4723},
  year={2022},
  publisher={Oxford University Press}
}

@article{vigna2022mergers,
  title={Mergers prompted by dynamics in compact, multiple-star systems: a stellar-reduction case for the massive triple TIC 470710327},
  author={Vigna-G{\'o}mez, Alejandro and Liu, Bin and Aguilera-Dena, David R and Grishin, Evgeni and Ramirez-Ruiz, Enrico and Soares-Furtado, Melinda},
  journal={Monthly Notices of the Royal Astronomical Society: Letters},
  volume={515},
  number={1},
  pages={L50--L55},
  year={2022},
  publisher={Oxford University Press}
}

@article{de2014evolution,
  title={The evolution of triples with a Roche lobe filling outer star},
  author={de Vries, Nathan and Portegies Zwart, S and Figueira, Joana},
  journal={Monthly Notices of the Royal Astronomical Society},
  volume={438},
  number={3},
  pages={1909--1921},
  year={2014},
  publisher={The Royal Astronomical Society}
}

@article{leigh2020mergers,
  title={Mergers of equal-mass binaries with compact object companions from mass transfer in triple star systems},
  author={Leigh, Nathan WC and Toonen, Silvia and Portegies Zwart, Simon F and Perna, Rosalba},
  journal={Monthly Notices of the Royal Astronomical Society},
  volume={496},
  number={2},
  pages={1819--1833},
  year={2020},
  publisher={Oxford University Press}
}

@article{hamers2022statistical,
  title={A Statistical View of the Stable and Unstable Roche Lobe Overflow of a Tertiary Star onto the Inner Binary in Triple Systems},
  author={Hamers, Adrian S and Glanz, Hila and Neunteufel, Patrick},
  journal={The Astrophysical Journal Supplement Series},
  volume={259},
  number={1},
  pages={25},
  year={2022},
  publisher={IOP Publishing}
}

@article{michaely2014secular,
  title={Secular dynamics in hierarchical three-body systems with mass loss and mass transfer},
  author={Michaely, Erez and Perets, Hagai B},
  journal={The Astrophysical Journal},
  volume={794},
  number={2},
  pages={122},
  year={2014},
  publisher={IOP Publishing}
}

@article{mangipudi2022extreme,
  title={Extreme eccentricities of triple systems: Analytic results},
  author={Mangipudi, Abhi and Grishin, Evgeni and Trani, Alessandro A and Mandel, Ilya},
  journal={arXiv preprint arXiv:2205.08703},
  year={2022}
}

@article{toonen2014popcorn,
  title={PopCORN: Hunting down the differences between binary population synthesis codes},
  author={Toonen, Silvia and Claeys, JSW and Mennekens, Nicki and Ruiter, AJ},
  journal={Astronomy \& Astrophysics},
  volume={562},
  pages={A14},
  year={2014},
  publisher={EDP Sciences}
}

@article{postnov2014evolution,
  title={The evolution of compact binary star systems},
  author={Postnov, Konstantin A and Yungelson, Lev R},
  journal={Living Reviews in Relativity},
  volume={17},
  number={1},
  pages={1--166},
  year={2014},
  publisher={Springer}
}

@article{raghavan2010survey,
  title={A survey of stellar families: multiplicity of solar-type stars},
  author={Raghavan, Deepak and McAlister, Harold A and Henry, Todd J and Latham, David W and Marcy, Geoffrey W and Mason, Brian D and Gies, Douglas R and White, Russel J and Theo, A},
  journal={The Astrophysical Journal Supplement Series},
  volume={190},
  number={1},
  pages={1},
  year={2010},
  publisher={IOP Publishing}
}

@article{sana2014southern,
  title={Southern massive stars at high angular resolution: observational campaign and companion detection},
  author={Sana, Hugues and Le Bouquin, J-B and Lacour, S and Berger, J-P and Duvert, G and Gauchet, L and Norris, B and Olofsson, J and Pickel, D and Zins, G and others},
  journal={The Astrophysical Journal Supplement Series},
  volume={215},
  number={1},
  pages={15},
  year={2014},
  publisher={IOP Publishing}
}