@article{dib2018emergence,
  title={The emergence of the galactic stellar mass function from a non-universal IMF in clusters},
  author={Dib, Sami and Basu, Shantanu},
  journal={Astronomy \& Astrophysics},
  volume={614},
  pages={A43},
  year={2018},
  publisher={EDP Sciences}
}

@article{chabrier2005initial,
  title={The initial mass function: from Salpeter 1955 to 2005},
  author={Chabrier, Gilles},
  journal={The Initial Mass Function 50 Years Later},
  pages={41--50},
  year={2005},
  publisher={Springer}
}

@article{moe2017mind,
  title={Mind your Ps and Qs: the interrelation between period (P) and mass-ratio (Q) distributions of binary stars},
  author={Moe, Maxwell and Di Stefano, Rosanne},
  journal={The Astrophysical Journal Supplement Series},
  volume={230},
  number={2},
  pages={15},
  year={2017},
  publisher={IOP Publishing}
}

@inproceedings{bally2005evolution,
  title={Evolution of UV-irradiated protoplanetary disks},
  author={Bally, John and Moeckel, Nickolas and Throop, Henry},
  booktitle={Chondrites and the protoplanetary disk},
  volume={341},
  pages={81},
  year={2005}
}

@article{kennicutt2005role,
  title={The role of massive stars in astrophysics},
  author={Kennicutt, Robert C},
  journal={Proceedings of the International Astronomical Union},
  volume={1},
  number={S227},
  pages={3--11},
  year={2005},
  publisher={Cambridge University Press}
}

@article{zinnecker2007toward,
  title={Toward understanding massive star formation},
  author={Zinnecker, Hans and Yorke, Harold W},
  journal={Annu. Rev. Astron. Astrophys.},
  volume={45},
  pages={481--563},
  year={2007},
  publisher={Annual Reviews}
}

@article{sana2012binary,
  title={Binary interaction dominates the evolution of massive stars},
  author={Sana, Hugues and De Mink, SE and de Koter, Alex and Langer, N and Evans, CJ and Gieles, M and Gosset, Eric and Izzard, RG and Le Bouquin, J-B and Schneider, FRN},
  journal={Science},
  volume={337},
  number={6093},
  pages={444--446},
  year={2012},
  publisher={American Association for the Advancement of Science}
}

@article{toonen2016evolution,
  title={The evolution of hierarchical triple star-systems},
  author={Toonen, Silvia and Hamers, Adrian and Portegies Zwart, Simon},
  journal={Computational Astrophysics and Cosmology},
  volume={3},
  number={1},
  pages={1--36},
  year={2016},
  publisher={Springer}
}

@article{winn2009spin,
  title={On the spin--orbit misalignment of the XO-3 exoplanetary system},
  author={Winn, Joshua N and Johnson, John Asher and Fabrycky, Daniel and Howard, Andrew W and Marcy, Geoffrey W and Narita, Norio and Crossfield, Ian J and Suto, Yasushi and Turner, Edwin L and Esquerdo, Gil and others},
  journal={The Astrophysical Journal},
  volume={700},
  number={1},
  pages={302},
  year={2009},
  publisher={IOP Publishing}
}

@article{portegies2018astrophysical,
  title={Astrophysical Recipes; The art of AMUSE},
  author={Portegies Zwart, Simon and McMillan, Steve},
  journal={Astrophysical Recipes; The art of AMUSE},
  year={2018}
}

@article{eisner2022planet,
  title={Planet Hunters TESS IV: a massive, compact hierarchical triple star system TIC 470710327},
  author={Eisner, Nora L and Johnston, Cole and Toonen, Silvia and Frost, Abigail J and Janssens, Soetkin and Lintott, Chris J and Aigrain, Suzanne and Sana, Hugues and Abdul-Masih, Michael and Arellano-C{\'o}rdova, Karla Z and others},
  journal={Monthly Notices of the Royal Astronomical Society},
  volume={511},
  number={4},
  pages={4710--4723},
  year={2022},
  publisher={Oxford University Press}
}

@article{vigna2022mergers,
  title={Mergers prompted by dynamics in compact, multiple-star systems: a stellar-reduction case for the massive triple TIC 470710327},
  author={Vigna-G{\'o}mez, Alejandro and Liu, Bin and Aguilera-Dena, David R and Grishin, Evgeni and Ramirez-Ruiz, Enrico and Soares-Furtado, Melinda},
  journal={Monthly Notices of the Royal Astronomical Society: Letters},
  volume={515},
  number={1},
  pages={L50--L55},
  year={2022},
  publisher={Oxford University Press}
}

@article{de2014evolution,
  title={The evolution of triples with a Roche lobe filling outer star},
  author={de Vries, Nathan and Portegies Zwart, S and Figueira, Joana},
  journal={Monthly Notices of the Royal Astronomical Society},
  volume={438},
  number={3},
  pages={1909--1921},
  year={2014},
  publisher={The Royal Astronomical Society}
}

@article{leigh2020mergers,
  title={Mergers of equal-mass binaries with compact object companions from mass transfer in triple star systems},
  author={Leigh, Nathan WC and Toonen, Silvia and Portegies Zwart, Simon F and Perna, Rosalba},
  journal={Monthly Notices of the Royal Astronomical Society},
  volume={496},
  number={2},
  pages={1819--1833},
  year={2020},
  publisher={Oxford University Press}
}

@article{hamers2022statistical,
  title={A Statistical View of the Stable and Unstable Roche Lobe Overflow of a Tertiary Star onto the Inner Binary in Triple Systems},
  author={Hamers, Adrian S and Glanz, Hila and Neunteufel, Patrick},
  journal={The Astrophysical Journal Supplement Series},
  volume={259},
  number={1},
  pages={25},
  year={2022},
  publisher={IOP Publishing}
}

@article{michaely2014secular,
  title={Secular dynamics in hierarchical three-body systems with mass loss and mass transfer},
  author={Michaely, Erez and Perets, Hagai B},
  journal={The Astrophysical Journal},
  volume={794},
  number={2},
  pages={122},
  year={2014},
  publisher={IOP Publishing}
}

@article{mangipudi2022extreme,
  title={Extreme eccentricities of triple systems: Analytic results},
  author={Mangipudi, Abhi and Grishin, Evgeni and Trani, Alessandro A and Mandel, Ilya},
  journal={arXiv preprint arXiv:2205.08703},
  year={2022}
}

@article{toonen2014popcorn,
  title={PopCORN: Hunting down the differences between binary population synthesis codes},
  author={Toonen, Silvia and Claeys, JSW and Mennekens, Nicki and Ruiter, AJ},
  journal={Astronomy \& Astrophysics},
  volume={562},
  pages={A14},
  year={2014},
  publisher={EDP Sciences}
}

@article{postnov2014evolution,
  title={The evolution of compact binary star systems},
  author={Postnov, Konstantin A and Yungelson, Lev R},
  journal={Living Reviews in Relativity},
  volume={17},
  number={1},
  pages={1--166},
  year={2014},
  publisher={Springer}
}

@article{raghavan2010survey,
  title={A survey of stellar families: multiplicity of solar-type stars},
  author={Raghavan, Deepak and McAlister, Harold A and Henry, Todd J and Latham, David W and Marcy, Geoffrey W and Mason, Brian D and Gies, Douglas R and White, Russel J and Theo, A},
  journal={The Astrophysical Journal Supplement Series},
  volume={190},
  number={1},
  pages={1},
  year={2010},
  publisher={IOP Publishing}
}

@article{sana2014southern,
  title={Southern massive stars at high angular resolution: observational campaign and companion detection},
  author={Sana, Hugues and Le Bouquin, J-B and Lacour, S and Berger, J-P and Duvert, G and Gauchet, L and Norris, B and Olofsson, J and Pickel, D and Zins, G and others},
  journal={The Astrophysical Journal Supplement Series},
  volume={215},
  number={1},
  pages={15},
  year={2014},
  publisher={IOP Publishing}
}

@article{langer2012presupernova,
  title={Presupernova evolution of massive single and binary stars},
  author={Langer, N},
  journal={Annual Review of Astronomy and Astrophysics},
  volume={50},
  pages={107--164},
  year={2012},
  publisher={Annual Reviews}
}

@article{schootemeijer2019constraining,
  title={Constraining mixing in massive stars in the Small Magellanic Cloud},
  author={Schootemeijer, Abel and Langer, Norbert and Grin, Nathan J and Wang, Chen},
  journal={Astronomy \& Astrophysics},
  volume={625},
  pages={A132},
  year={2019},
  publisher={EDP Sciences}
}

@article{eker2015main,
  title={Main-sequence effective temperatures from a revised mass--luminosity relation based on accurate properties},
  author={Eker, Zeki and Soydugan, FARUK and Soydugan, Esin and Bilir, Sel{\c{c}}uk and G{\"o}k{\c{c}}e, E Yaz and Steer, Ian and T{\"u}ys{\"u}z, Mehmet and {\c{S}}eny{\"u}z, T and Demircan, Oya},
  journal={The Astronomical Journal},
  volume={149},
  number={4},
  pages={131},
  year={2015},
  publisher={IOP Publishing}
}

@article{alongi1993evolutionary,
  title={Evolutionary sequences of stellar models with semiconvection and convective overshoot. I-Z= 0.008},
  author={Alongi, M and Bertelli, G and Bressan, A and Chiosi, C and Fagotto, F and Greggio, L and Nasi, E},
  journal={Astronomy and Astrophysics Supplement Series},
  volume={97},
  pages={851--871},
  year={1993}
}

@article{brott2011rotating,
  title={Rotating massive main-sequence stars-I. Grids of evolutionary models and isochrones},
  author={Brott, Ines and de Mink, Selma E and Cantiello, Matteo and Langer, Norbert and de Koter, Alex and Evans, Chris J and Hunter, Ian and Trundle, Carrie and Vink, Jorick S},
  journal={Astronomy \& Astrophysics},
  volume={530},
  pages={A115},
  year={2011},
  publisher={EDP Sciences}
}

@article{prvsa2016physics,
  title={Physics of eclipsing binaries. II. Toward the increased model fidelity},
  author={Pr{\v{s}}a, Andrej and Conroy, Kyle E and Horvat, Martin and Pablo, Herbert and Kochoska, Angela and Bloemen, Steven and Giammarco, Joseph and Hambleton, Kelly M and Degroote, Pieter},
  journal={The Astrophysical Journal Supplement Series},
  volume={227},
  number={2},
  pages={29},
  year={2016},
  publisher={IOP Publishing}
}

@article{cutler1994gravitational,
  title={Gravitational waves from merging compact binaries: How accurately can one extract the binaryâ€™s parameters from the inspiral waveform?},
  author={Cutler, Curt and Flanagan, Eanna E},
  journal={Physical Review D},
  volume={49},
  number={6},
  pages={2658},
  year={1994},
  publisher={APS}
}

@article{abbott2017gw170608,
  title={GW170608: observation of a 19 solar-mass binary black hole coalescence},
  author={Abbott, Benjamin P and Abbott, R and Abbott, TD and Acernese, Fausto and Ackley, K and Adams, C and Adams, T and Addesso, P and Adhikari, RX and Adya, VB and others},
  journal={The Astrophysical Journal Letters},
  volume={851},
  number={2},
  pages={L35},
  year={2017},
  publisher={IOP Publishing}
}

@article{abbott2019gwtc,
  title={GWTC-1: a gravitational-wave transient catalog of compact binary mergers observed by LIGO and Virgo during the first and second observing runs},
  author={Abbott, BP and Abbott, Richard and Abbott, TDea and Abraham, S and Acernese, F and Ackley, K and Adams, C and Adhikari, RX and Adya, VB and Affeldt, Christoph and others},
  journal={Physical Review X},
  volume={9},
  number={3},
  pages={031040},
  year={2019},
  publisher={APS}
}

@article{reig2011x,
  title={Be/X-ray binaries},
  author={Reig, Pablo},
  journal={Astrophysics and Space Science},
  volume={332},
  number={1},
  pages={1--29},
  year={2011},
  publisher={Springer}
}

@book{lewin1997x,
  title={X-ray Binaries},
  author={Lewin, Walter HG and van den Heuvel, Edward PJ and van Paradijs, Jan},
  volume={26},
  year={1997},
  publisher={Cambridge University Press}
}

@article{antonini2017binary,
  title={Binary black hole mergers from field triples: properties, rates, and the impact of stellar evolution},
  author={Antonini, Fabio and Toonen, Silvia and Hamers, Adrian S},
  journal={The Astrophysical Journal},
  volume={841},
  number={2},
  pages={77},
  year={2017},
  publisher={IOP Publishing}
}

@article{vigna2021massive,
  title={Massive stellar triples leading to sequential binary black hole mergers in the field},
  author={Vigna-G{\'o}mez, Alejandro and Toonen, Silvia and Ramirez-Ruiz, Enrico and Leigh, Nathan WC and Riley, Jeff and Haster, Carl-Johan},
  journal={The Astrophysical Journal Letters},
  volume={907},
  number={1},
  pages={L19},
  year={2021},
  publisher={IOP Publishing}
}

@article{silsbee2017lidov,
  title={Lidov--Kozai cycles with gravitational radiation: merging black holes in isolated triple systems},
  author={Silsbee, Kedron and Tremaine, Scott},
  journal={The Astrophysical Journal},
  volume={836},
  number={1},
  pages={39},
  year={2017},
  publisher={IOP Publishing}
}

@article{paxton2010modules,
  title={Modules for experiments in stellar astrophysics (MESA)},
  author={Paxton, Bill and Bildsten, Lars and Dotter, Aaron and Herwig, Falk and Lesaffre, Pierre and Timmes, Frank},
  journal={The Astrophysical Journal Supplement Series},
  volume={192},
  number={1},
  pages={3},
  year={2010},
  publisher={IOP Publishing}
}

@article{paxton2013modules,
  title={Modules for experiments in stellar astrophysics (MESA): planets, oscillations, rotation, and massive stars},
  author={Paxton, Bill and Cantiello, Matteo and Arras, Phil and Bildsten, Lars and Brown, Edward F and Dotter, Aaron and Mankovich, Christopher and Montgomery, MH and Stello, Dennis and Timmes, FX and others},
  journal={The Astrophysical Journal Supplement Series},
  volume={208},
  number={1},
  pages={4},
  year={2013},
  publisher={IOP Publishing}
}

@article{paxton2015modules,
  title={Modules for experiments in stellar astrophysics (MESA): binaries, pulsations, and explosions},
  author={Paxton, Bill and Marchant, Pablo and Schwab, Josiah and Bauer, Evan B and Bildsten, Lars and Cantiello, Matteo and Dessart, Luc and Farmer, R and Hu, H and Langer, N and others},
  journal={The Astrophysical Journal Supplement Series},
  volume={220},
  number={1},
  pages={15},
  year={2015},
  publisher={IOP Publishing}
}

@article{paxton2019modules,
  title={Modules for Experiments in Stellar Astrophysics (MESA): pulsating variable stars, rotation, convective boundaries, and energy conservation},
  author={Paxton, Bill and Smolec, R and Schwab, Josiah and Gautschy, A and Bildsten, Lars and Cantiello, Matteo and Dotter, Aaron and Farmer, R and Goldberg, Jared A and Jermyn, Adam S and others},
  journal={The Astrophysical Journal Supplement Series},
  volume={243},
  number={1},
  pages={10},
  year={2019},
  publisher={American Astronomical Society}
}

@book{pols2011stellar,
  title={Stellar structure and evolution},
  author={Pols, Onno Rudolf},
  year={2011},
  publisher={Astronomical Institute Utrecht NY}
}

@article{marigo2007evolution,
  title={Evolution of asymptotic giant branch stars-I. Updated synthetic TP-AGB models and their basic calibration},
  author={Marigo, Paola and Girardi, L{\'e}o},
  journal={Astronomy \& Astrophysics},
  volume={469},
  number={1},
  pages={239--263},
  year={2007},
  publisher={EDP Sciences}
}

@article{vink2001mass,
  title={Mass-loss predictions for O and B stars as a function of metallicity},
  author={Vink, Jorick S and de Koter, Alex and Lamers, HJGLM},
  journal={Astronomy \& Astrophysics},
  volume={369},
  number={2},
  pages={574--588},
  year={2001},
  publisher={EDP Sciences}
}

@techreport{reimers1975circumstellar,
  title={Circumstellar absorption lines and mass loss from red giants},
  author={Reimers, Dieter},
  year={1975},
  institution={Univ., Kiel}
}

@article{de1988mass,
  title={Mass loss rates in the Hertzsprung-Russell diagram},
  author={De Jager, C and Nieuwenhuijzen, H and Van Der Hucht, KA},
  journal={Astronomy and Astrophysics Supplement Series},
  volume={72},
  pages={259--289},
  year={1988}
}

@article{nieuwenhuijzen1990parametrization,
  title={Parametrization of stellar rates of mass loss as functions of the fundamental stellar parameters M, L, and R},
  author={Nieuwenhuijzen, H and De Jager, C},
  journal={Astronomy and Astrophysics},
  volume={231},
  pages={134--136},
  year={1990}
}

@article{springel2005cosmological,
  title={The cosmological simulation code GADGET-2},
  author={Springel, Volker},
  journal={Monthly notices of the royal astronomical society},
  volume={364},
  number={4},
  pages={1105--1134},
  year={2005},
  publisher={The Royal Astronomical Society}
}

@article{monaghan1985refined,
  title={A refined particle method for astrophysical problems},
  author={Monaghan, Joseph J and Lattanzio, John C},
  journal={Astronomy and astrophysics},
  volume={149},
  pages={135--143},
  year={1985}
}

@article{bagla2002treepm,
  title={TreePM: A code for cosmological N-body simulations},
  author={Bagla, Jasjeet S},
  journal={Journal of Astrophysics and Astronomy},
  volume={23},
  pages={185--196},
  year={2002},
  publisher={Springer}
}

@article{bode2000tree,
  title={The tree particle-mesh N-body gravity solver},
  author={Bode, Paul and Ostriker, Jeremiah P and Xu, Guohong},
  journal={The Astrophysical Journal Supplement Series},
  volume={128},
  number={2},
  pages={561},
  year={2000},
  publisher={IOP Publishing}
}

@article{pelupessy2012n,
  title={N-body integrators with individual time steps from Hierarchical splitting},
  author={Pelupessy, Federico I and J{\"a}nes, J{\"u}rgen and Zwart, Simon Portegies},
  journal={New Astronomy},
  volume={17},
  number={8},
  pages={711--719},
  year={2012},
  publisher={Elsevier}
}

@article{barnes1986hierarchical,
  title={A hierarchical O (N log N) force-calculation algorithm},
  author={Barnes, Josh and Hut, Piet},
  journal={nature},
  volume={324},
  number={6096},
  pages={446--449},
  year={1986},
  publisher={Nature Publishing Group UK London}
}

@article{dehnen2000very,
  title={A very fast and momentum-conserving tree code},
  author={Dehnen, Walter},
  journal={The Astrophysical Journal},
  volume={536},
  number={1},
  pages={L39},
  year={2000},
  publisher={IOP Publishing}
}

@article{klypin1983three,
  title={Three-dimensional numerical model of the formation of large-scale structure in the Universe},
  author={Klypin, AA and Shandarin, SF},
  journal={Monthly Notices of the Royal Astronomical Society},
  volume={204},
  number={3},
  pages={891--907},
  year={1983},
  publisher={Oxford University Press Oxford, UK}
}

@article{pelupessy2013astrophysical,
  title={The astrophysical multipurpose software environment},
  author={Pelupessy, FI and Van Elteren, A and De Vries, N and McMillan, SLW and Drost, N and Zwart, SF Portegies},
  journal={Astronomy \& Astrophysics},
  volume={557},
  pages={A84},
  year={2013},
  publisher={EDP Sciences}
}

@article{bloecker1995stellarI,
  title={Stellar evolution of low and intermediate-mass stars. I. Mass loss on the AGB and its consequences for stellar evolution.},
  author={Bloecker, T},
  journal={Astronomy and Astrophysics},
  volume={297},
  pages={727},
  year={1995}
}

@article{bloecker1995stellarII,
  title={Stellar evolution of low-and intermediate-mass stars. II. Post-AGB evolution.},
  author={Bloecker, T},
  journal={Astronomy and Astrophysics},
  volume={299},
  pages={755},
  year={1995}
}

@article{kippenhahn1967entwicklung,
  title={Entwicklung in engen Doppelsternsystemen I. Massenaustausch vor und nach Beendigung des zentralen Wasserstoff-Brennens},
  author={Kippenhahn, R and Weigert, A},
  journal={Zeitschrift fur Astrophysik},
  volume={65},
  pages={251},
  year={1967}
}

@article{nemravova2016xitauri,
  title={$\xi$Tauri: a unique laboratory to study the dynamic interaction in a compact hierarchical quadruple system},
  author={Nemravov{\'a}, JA and Harmanec, P and Bro{\v{z}}, M and Vokrouhlick{\`y}, D and Mourard, D and Hummel, CA and Cameron, Chris and Matthews, Jaymie M and Bolton, CT and Bo{\v{z}}i{\'c}, H and others},
  journal={Astronomy \& Astrophysics},
  volume={594},
  pages={A55},
  year={2016},
  publisher={EDP Sciences}
}

@ARTICLE{2010yCat..73890925T,
       author = {{Tokovinin}, A.},
        title = "{VizieR Online Data Catalog: Triple and quadruple stars (Tokovinin, 2008)}",
      journal = {VizieR Online Data Catalog},
     keywords = {Stars: double and multiple, Stars: masses},
         year = 2010,
        month = feb,
          eid = {J/MNRAS/389/925},
        pages = {J/MNRAS/389/925},
       adsurl = {https://ui.adsabs.harvard.edu/abs/2010yCat..73890925T},
      adsnote = {Provided by the SAO/NASA Astrophysics Data System}
}

@article{deupree2005structure,
  title={The structure of close binaries in two dimensions},
  author={Deupree, Robert Gaston and Karakas, AI},
  journal={The Astrophysical Journal},
  volume={633},
  number={1},
  pages={418},
  year={2005},
  publisher={IOP Publishing}
}

@article{gaburov2008mixing,
  title={Mixing in massive stellar mergers},
  author={Gaburov, Evghenii and Lombardi Jr, James C and Portegies Zwart, Simon},
  journal={Monthly Notices of the Royal Astronomical Society: Letters},
  volume={383},
  number={1},
  pages={L5--L9},
  year={2008},
  publisher={Blackwell Science Ltd Oxford, UK}
}

@article{gaburov2010onset,
  title={On the onset of runaway stellar collisions in dense star clusters--II. Hydrodynamics of three-body interactions},
  author={Gaburov, Evghenii and Lombardi, James C and Zwart, Simon Portegies},
  journal={Monthly Notices of the Royal Astronomical Society},
  volume={402},
  number={1},
  pages={105--126},
  year={2010},
  publisher={The Royal Astronomical Society}
}

@article{monaghan1982particle,
  title={Why particle methods work},
  author={Monaghan, Joe J},
  journal={SIAM Journal on Scientific and Statistical Computing},
  volume={3},
  number={4},
  pages={422--433},
  year={1982},
  publisher={SIAM}
}

@article{price2007energy,
  title={An energy-conserving formalism for adaptive gravitational force softening in smoothed particle hydrodynamics and N-body codes},
  author={Price, Daniel James and Monaghan, Joseph John},
  journal={Monthly Notices of the Royal Astronomical Society},
  volume={374},
  number={4},
  pages={1347--1358},
  year={2007},
  publisher={Blackwell Publishing Ltd Oxford, UK}
}

@article{lombardi1995collisions,
  title={Collisions of main-sequence stars and the formation of blue stragglers in globular clusters},
  author={Lombardi, James C and Rasio, Frederic A and Shapiro, Stuart L},
  journal={arXiv preprint astro-ph/9511074},
  year={1995}
}

@article{lombardi2003modelling,
  title={Modelling collision products of triple-star mergers},
  author={Lombardi, James C and Thrall, Ashley P and Deneva, Julia S and Fleming, Scott W and Grabowski, Paul E},
  journal={Monthly Notices of the Royal Astronomical Society},
  volume={345},
  number={3},
  pages={762--780},
  year={2003},
  publisher={Blackwell Science Ltd Oxford, UK}
}

@article{lombardi2006stellar,
  title={Stellar collisions and ultracompact X-ray binary formation},
  author={Lombardi Jr, JC and Proulx, ZF and Dooley, KL and Theriault, EM and Ivanova, N and Rasio, FA},
  journal={The Astrophysical Journal},
  volume={640},
  number={1},
  pages={441},
  year={2006},
  publisher={IOP Publishing}
}

@article{hut1995building,
  title={Building a better leapfrog},
  author={Hut, Piet and Makino, Jun and McMillan, Steve},
  journal={The Astrophysical Journal},
  volume={443},
  pages={L93--L96},
  year={1995}
}

@article{fujii2007bridge,
  title={BRIDGE: A Direct-Tree Hybrid-Body Algorithm for Fully Self-Consistent Simulations of Star Clusters and Their Parent Galaxies},
  author={Fujii, Michiko and Iwasawa, Masaki and Funato, Yoko and Makino, Junichiro},
  journal={Publications of the Astronomical Society of Japan},
  volume={59},
  number={6},
  pages={1095--1106},
  year={2007},
  publisher={Astronomical Society of Japan}
}

@article{bate1997resolution,
  title={Resolution requirements for smoothed particle hydrodynamics calculations with self-gravity},
  author={Bate, Matthew R and Burkert, Andreas},
  journal={Monthly Notices of the Royal Astronomical Society},
  volume={288},
  number={4},
  pages={1060--1072},
  year={1997},
  publisher={Blackwell Science Ltd Oxford, UK}
}

@article{zwart2013multi,
  title={Multi-physics simulations using a hierarchical interchangeable software interface},
  author={Zwart, Simon F Portegies and McMillan, Stephen LW and van Elteren, Arjen and Pelupessy, F Inti and de Vries, Nathan},
  journal={Computer Physics Communications},
  volume={184},
  number={3},
  pages={456--468},
  year={2013},
  publisher={Elsevier}
}

@article{saitoh2010fast,
  title={FAST: a fully asynchronous split time-integrator for a self-gravitating fluid},
  author={Saitoh, Takayuki R and Makino, Junichiro},
  journal={Publications of the Astronomical Society of Japan},
  volume={62},
  number={2},
  pages={301--314},
  year={2010},
  publisher={Oxford University Press Oxford, UK}
}

@article{herwig2000evolution,
  title={The evolution of AGB stars with convective overshoot},
  author={Herwig, Falk},
  journal={arXiv preprint astro-ph/0007139},
  year={2000}
}

@article{gupta2020gravitational,
  title={Gravitational waves from hierarchical triple systems with Kozai-Lidov oscillation},
  author={Gupta, Priti and Suzuki, Haruka and Okawa, Hirotada and Maeda, Kei-ichi},
  journal={Physical Review D},
  volume={101},
  number={10},
  pages={104053},
  year={2020},
  publisher={APS}
}

@article{kozai1962secular,
  title={Secular perturbations of asteroids with high inclination and eccentricity},
  author={Kozai, Yoshihide},
  journal={The Astronomical Journal},
  volume={67},
  pages={591--598},
  year={1962}
}

@article{lidov1962evolution,
  title={The evolution of orbits of artificial satellites of planets under the action of gravitational perturbations of external bodies},
  author={Lidov, Michael L},
  journal={Planetary and Space Science},
  volume={9},
  number={10},
  pages={719--759},
  year={1962},
  publisher={Elsevier}
}

@article{van2007formation,
  title={The formation of higher order hierarchical systems in star clusters},
  author={Van Den Berk, J and Portegies Zwart, SF and McMillan, SLW},
  journal={Monthly Notices of the Royal Astronomical Society},
  volume={379},
  number={1},
  pages={111--122},
  year={2007},
  publisher={Blackwell Publishing Ltd Oxford, UK}
}

@inproceedings{mardling2001stability,
  title={Stability in the general three-body problem},
  author={Mardling, Rosemary A},
  booktitle={Evolution of Binary and Multiple star systems},
  volume={229},
  pages={101},
  year={2001}
}

@article{georgakarakos2008stability,
  title={Stability criteria for hierarchical triple systems},
  author={Georgakarakos, Nikolaos},
  journal={Celestial Mechanics and Dynamical Astronomy},
  volume={100},
  pages={151--168},
  year={2008},
  publisher={Springer}
}

@article{mardling1999dynamics,
  title={Dynamics and stability of three-body systems},
  author={Mardling, Rosemary and Aarseth, Sverre},
  journal={The Dynamics of Small Bodies in the Solar System: A Major Key to Solar Systems Studies},
  pages={385--392},
  year={1999},
  publisher={Springer}
}

@article{kinoshita1999analytical,
  title={Analytical solution of the Kozai resonance and its application},
  author={Kinoshita, Hiroshi and Nakai, Hiroshi},
  journal={Celestial Mechanics and Dynamical Astronomy},
  volume={75},
  number={2},
  pages={125--147},
  year={1999},
  publisher={Springer}
}

@article{naoz2013secular,
  title={Secular dynamics in hierarchical three-body systems},
  author={Naoz, Smadar and Farr, Will M and Lithwick, Yoram and Rasio, Frederic A and Teyssandier, Jean},
  journal={Monthly Notices of the Royal Astronomical Society},
  volume={431},
  number={3},
  pages={2155--2171},
  year={2013},
  publisher={Oxford University Press}
}

@article{naoz2011hot,
  title={Hot Jupiters from secular planet--planet interactions},
  author={Naoz, Smadar and Farr, Will M and Lithwick, Yoram and Rasio, Frederic A and Teyssandier, Jean},
  journal={Nature},
  volume={473},
  number={7346},
  pages={187--189},
  year={2011},
  publisher={Nature Publishing Group UK London}
}

@article{shappee2013mass,
  title={The mass-loss-induced eccentric Kozai mechanism: a new channel for the production of close compact object--stellar binaries},
  author={Shappee, Benjamin J and Thompson, Todd A},
  journal={The Astrophysical Journal},
  volume={766},
  number={1},
  pages={64},
  year={2013},
  publisher={IOP Publishing}
}

@article{perets2009triple,
  title={On the triple origin of blue stragglers},
  author={Perets, Hagai B and Fabrycky, Daniel C},
  journal={The Astrophysical Journal},
  volume={697},
  number={2},
  pages={1048},
  year={2009},
  publisher={IOP Publishing}
}

@article{portegies1995formation,
  title={The formation of Be stars in close binary systems. The importance of kicks and angular-momentum loss},
  author={Portegies Zwart, SF},
  journal={Astronomy and Astrophysics, v. 296, p. 691},
  volume={296},
  pages={691},
  year={1995}
}

@article{lajoie2010mass,
  title={Mass transfer in binary stars using smoothed particle hydrodynamics. II. Eccentric binaries},
  author={Lajoie, Charles-Philippe and Sills, Alison},
  journal={The Astrophysical Journal},
  volume={726},
  number={2},
  pages={67},
  year={2010},
  publisher={IOP Publishing}
}

@article{ivanova2013common,
  title={Common envelope evolution: where we stand and how we can move forward},
  author={Ivanova, Natasha and Justham, S and Chen, X and De Marco, O and Fryer, CL and Gaburov, E and Ge, H and Glebbeek, E and Han, Z and Li, X-D and others},
  journal={The Astronomy and Astrophysics Review},
  volume={21},
  pages={1--73},
  year={2013},
  publisher={Springer}
}

@inproceedings{tutukov1979evolution,
  title={Evolution of massive common envelope binaries and mass loss},
  author={Tutukov, A and Yungelson, L},
  booktitle={Symposium-International Astronomical Union},
  volume={83},
  pages={401--407},
  year={1979},
  organization={Cambridge University Press}
}

@article{zwart2019triple,
  title={A Triple Origin for Twin Blue Stragglers in Close Binaries},
  author={Zwart, Simon Portegies and Leigh, Nathan WC},
  journal={The Astrophysical Journal Letters},
  volume={876},
  number={2},
  pages={L33},
  year={2019},
  publisher={IOP Publishing}
}

@article{flannery1977origin,
  title={On the origin of Centaurus X-3 and related binary X-ray sources},
  author={Flannery, Brian P and Ulrich, Roger K},
  journal={Astrophysical Journal, Part 1, vol. 212, Mar. 1, 1977, p. 533-540.},
  volume={212},
  pages={533--540},
  year={1977}
}

@inproceedings{packet1981rotation,
  title={Rotation and the Evolution of the Mass-Accreting Component in Close Binary Systems},
  author={Packet, Wim},
  booktitle={Symposium-International Astronomical Union},
  volume={93},
  pages={179--180},
  year={1981},
  organization={Cambridge University Press}
}

